@Article{Rana1991,
author = {Krishan Rana and R.G. Vickson},
title = {Routing Container Ships Using Lagrangean Relaxation and Decomposition},
journal = {Transportation Science 25(2)},
date = {02.08.1991},
year = {1991},
pages = {201-215},
}

@ARTICLE{Barnhart96branch-and-price:column,
    author = {Cynthia Barnhart and Ellis L. Johnson and George L. Nemhauser and Martin W. P. Savelsbergh and Pamela H. Vance},
    title = {Branch-and-Price: Column Generation for Solving Huge Integer Programs},
    journal = {Operations Research},
    year = {1996},
    volume = {46},
    pages = {316--329},
}

@Article{LSNDP2014,
author = {Berit D. Brouer and J. Fernando Alvarez and Christian E. M. Plum and David Pisinger and Mikkel M. Sigurd},
title = {A Base Integer Programming Model and Benchmark Suite for Liner-Shipping Network Design},
journal = {Transportation Science 48(3)},
date = {01.05.2014},
year = {2014},
pages = {281-312},
}
@online{finland,
author = {Ministry of Transports and Communications, Finland},
title = {Maritime Transport Strategy for Finland 2014-2022},
date = {01.03.2014},
url = {www.lvm.fi},
year = {2014},
}
@book{stopford2009,
author = {Martin Stopford},
title = {Maritime Economics - third edition},
date = {01.01.2009},
year = {2009},
}
@online{euro,
author = {ESPO},
title = {European Sea Ports Organisation},
date = {21.01.2015},
url = {www.espo.be/index.php},
year = {2015},
}
@article{LSNDP2,
author = {Qiang Meng, and Shuaian Wang, and Henrik Andersson, and Kristian Thun},
title = {Containership Routing and Scheduling in Liner Shipping: Overview ad Future Research Directions},
journal = {Transportation Science 48(2)},
year = {2014},
pages = {265-280},
}
@article{notte06,
author = {T. Notteboom},
title = {The time factor in liner shipping services},
journal = {Maritime economics logistics 8},
year = {2006},
pages = {19-39},
}
@article{agarwal2008,
author = {Richa Agarwal and \"Ozlem Ergun},
title = {Ship Scheduling and Network Design for Cargo Routing in Liner Shipping},
journal = { Transportation Science 42(2)},
year = {2008},
pages = {175-196},
}
@article{fegerholt1999,
author = {Kjetil Fagerholt},
title = {Optimal fleet design in a ship routing problem},
journal = {Inernational Transaction in Operational Research 6(5)},
year = {1999},
pages = {453-464},
}
@article{christiansen1998,
author = {Marielle Christiansen and Bjorn Nygreen},
title = {A method for solving ship routing problems with inventory
constraints},
journal = {A Annals of Operations Research 81},
year = {1998},
pages = {357-378},
}
@article{alvarez2009,
author = {J.F. Alvarez},
title = {Joint routing and deployment of a fleet of container vessels},
journal = {Maritime, Economics I\& Logistics 11},
year = {2009},
pages = {186-208},
}
@article{ronen1983,
author = {D. Ronen},
title = {Cargo ships routing and scheduling: survey of models and problems},
journal = {European Journal of Operation Research 12},
year = {1983},
pages = {119-126},
}
@article{lane1987,
author = {D.E. Lane and T.D. Heaver and D. Uyeno},
title = {Planning and scheduling for efficiency in liner shipping},
journal = {Maritime Policy Management 14},
year = {1987},
pages = {109-125},
}
@article{nytt2011,
author = {Line Blander-Reinhardt and David Pisinger},
title = {A branch and cut algorithm for the container shipping network design problem},
journal = {Flexible Services Manufacturing 24(3)},
year = {2011},
pages = {349-374},
}
@article{column2005,
author = {Marco E. L\"ubbecke and Jacques Desrosiers},
title = {Selected Topics in Column Generation},
journal = {Operation Research 53(6)},
year = {2005},
pages = {1007-1023},
}
@book{column2010,
author = {Marco E. L\"ubbecke},
title = {Column Generation},
year = {2010},
}
@article{column1996,
author = {Francois Vanderbeck and Laurence A. Wolsey},
title = {An exact algorithm for IP column generation},
journal = {Operation Research Letters 19},
year = {1996},
pages = {151-159},
}
@online{industry,
editor = {World Shipping Councilkkk},
title = {About the industry},
url = {www.worldshipping.org},
year = {2015},
}





